@article{cite:8,
  author = {R. Liouville and G. Bernoulli},
  title = {{On the Positivity of Conditionally Closed, Right-Simply Contravariant Scalars}},
  journal = {{J}ournal of Numerical Geometry},
  month = {aug},
  year = {1993},
  volume = {6},
  pages = {152--191},
}


@article{cite:2,
  author = {Q. Smith},
  title = {{${\ell}$-Multiply Contra-One-to-One Paths over Semi-Almost Everywhere Negative Isomorphisms}},
  journal = {{J}ournal of Homological Model Theory},
  month = {sep},
  year = {2003},
  volume = {7},
  pages = {1408--1423},
}


@article{cite:0,
  author = {Q. Tate and L. Garcia and G. Banach},
  title = {{Regularity Methods in Fuzzy Number Theory}},
  journal = {{A}rchives of the {M}oldovan {M}athematical {S}ociety},
  month = {aug},
  year = {1995},
  volume = {0},
  pages = {78--93},
}


@article{Clark_Allen_Arcus_et_al__2010,
  title = {{Interferometric Imaging with the 32 Element Murchison Wide-Field Array}},
  volume = {122},
  url = {http://dx.doi.org/10.1086/657160},
  doi = {10.1086/657160},
  number = {897},
  journal = {Publications of the Astronomical Society of the Pacific},
  publisher = {The University of Chicago Press},
  author = {Ord, S. M. and Mitchell, D. A. and Wayth, R. B. and Greenhill, L. J. and Bernardi, G. and Gleadow, S. and Edgar, R. G. and Clark, M. A. and Allen, G. and Arcus, W. and et al.},
  year = {2010},
  month = {Nov},
  pages = {1353-1366},
}


@article{dale_Cappallo_Morales_Ord_2008,
  title = {{Real-Time Calibration of the Murchison Widefield Array}},
  volume = {2},
  url = {http://dx.doi.org/10.1109/JSTSP.2008.2005327},
  doi = {10.1109/JSTSP.2008.2005327},
  number = {5},
  journal = {IEEE Journal of Selected Topics in Signal Processing},
  publisher = {Institute of Electrical and Electronics Engineers},
  author = {Mitchell, Daniel A. and Greenhill, Lincoln J. and Wayth, Randall B. and Sault, Robert J. and Lonsdale, Colin J. and Cappallo, Roger J. and Morales, Miguel F. and Ord, Stephen M.},
  year = {2008},
  month = {Oct},
  pages = {707-717},
}


@inbook{Noordam_2004,
  title = {{<title>LOFAR calibration challenges</title>}},
  url = {http://dx.doi.org/10.1117/12.544262},
  doi = {10.1117/12.544262},
  booktitle = {Ground-based Telescopes},
  publisher = {SPIE - International Society for Optical Engineering},
  author = {Noordam, Jan E.},
  editor = {Oschmann, Jr., Jacobus M.Editor},
  year = {2004},
  month = {Sep},
  pages = {817-825},
}


@article{an_Bunton_Cappallo_et_al__2012,
  title = {{FAST HOLOGRAPHIC DECONVOLUTION: A NEW TECHNIQUE FOR PRECISION RADIO INTERFEROMETRY}},
  volume = {759},
  url = {http://dx.doi.org/10.1088/0004-637X/759/1/17},
  doi = {10.1088/0004-637X/759/1/17},
  number = {1},
  journal = {The Astrophysical Journal},
  publisher = {IOP Publishing},
  author = {Sullivan, I. S. and Morales, M. F. and Hazelton, B. J. and Arcus, W. and Barnes, D. and Bernardi, G. and Briggs, F. H. and Bowman, J. D. and Bunton, J. D. and Cappallo, R. J. and et al.},
  year = {2012},
  month = {Nov},
  pages = {17},
}
